@article{kaminski2014transient,
  title={Transient growth in strongly stratified shear layers},
  author={Kaminski, AK and Caulfield, CP and Taylor, JR},
  journal={Journal of Fluid Mechanics},
  volume={758},
  year={2014},
  publisher={Cambridge University Press}
}

@article{pringle2012minimal,
	title={Minimal seeds for shear flow turbulence: using nonlinear transient growth to touch the edge of chaos},
	author={Pringle, Chris CT and Willis, Ashley P and Kerswell, Rich R},
	journal={Journal of Fluid Mechanics},
	volume={702},
	pages={415--443},
	year={2012},
	publisher={Cambridge University Press}
}

@article{eaves2015disruption,
	title={Disruption of SSP/VWI states by a stable stratification-initial conditions},
	author={Eaves, TS and Caulfield, CP},
	year={2015}
}

@article{kaminski2017nonlinear,
	title={Nonlinear evolution of linear optimal perturbations of strongly stratified shear layers},
	author={Kaminski, AK and Caulfield, CP and Taylor, JR},
	journal={Journal of Fluid Mechanics},
	volume={825},
	pages={213--244},
	year={2017},
	publisher={Cambridge University Press}
}

@article{rabin2012triggering,
	title={Triggering turbulence efficiently in plane Couette flow},
	author={Rabin, SME and Caulfield, CP and Kerswell, RR},
	journal={Journal of Fluid Mechanics},
	volume={712},
	pages={244--272},
	year={2012},
	publisher={Cambridge University Press}
}

@article{winters1995available,
	title={Available potential energy and mixing in density-stratified fluids},
	author={Winters, Kraig B and Lombard, Peter N and Riley, James J and D'Asaro, Eric A},
	journal={Journal of Fluid Mechanics},
	volume={289},
	pages={115--128},
	year={1995},
	publisher={Cambridge University Press}
}

@misc{turbulent_energy,
	howpublished = {\url{http://www-paoc.mit.edu/12.950_modeling/notes/turbulence\_energy.pdf}},
	  note = "[Online; accessed 14-April-2018]"
}

@misc{turbulent_energy2,
	howpublished = {\url{http://www.prague-sum.com/download/2012/Armenio_1-4.pdf}},
	note = "[Online; accessed 14-April-2018]"
}

@article{govindarajan2014instabilities,
	title={Instabilities in viscosity-stratified flow},
	author={Govindarajan, Rama and Sahu, Kirti Chandra},
	journal={Annual review of fluid mechanics},
	volume={46},
	pages={331--353},
	year={2014},
	publisher={Annual Reviews}
}


@misc{stratified_Instabilities,
	howpublished = {\url{http://muenchow.cms.udel.edu/html/classes/gfd/book/IntroGFDChapt11.pdf}},
	note = "[Online; accessed 14-April-2018]"
}


@misc{boussinesq1,
	howpublished = {\url{http://www.danlj.org/eaj/math/summaries/boussinesq/combined2.pdf}},
	note = "[Online; accessed 14-April-2018]"
}

@article{marcotte2017optimal,
	title={Optimal mixing in two-dimensional stratified plane Poiseuille flow at finite P$\backslash$'eclet and Richardson numbers},
	author={Marcotte, F and Caulfield, CP},
	journal={arXiv preprint arXiv:1709.08454},
	year={2017}
}

@article{nabi2017adjoint,
	title={Adjoint-based optimization of displacement ventilation flow},
	author={Nabi, S and Grover, P and Caulfield, Colm-cille Patrick},
	journal={Building and Environment},
	volume={124},
	pages={342--356},
	year={2017},
	publisher={Elsevier}
}
@misc{notes_set,
	howpublished = {\url{http://www-paoc.mit.edu/12.950_modeling/notes/index.htm}},
	note = "[Online; accessed 14-April-2018]"
}
@misc{notes_set2,
	howpublished = {\url{https://classes.soe.ucsc.edu/ams227/Fall13/lecturenotes/Chapter3.pdf}},
	note = "[Online; accessed 14-April-2018]"
}
@misc{kundu2008fluid,
	title={Fluid Mechanics 4th},
	author={Kundu, Pijush K and Cohen, Ira M and Dowling, DW},
	year={2008},
	publisher={Elsevier, Oxford}
}